@article{nasaruddin2025smote,
  title={SMOTE-PCA-HDBSCAN: A new hybrid oversampling method for data imbalance},
  author={Nasaruddin, F. H. and Bashir, A. and Rashid, S. A. and Hassan, M. A.},
  journal={Scientific Reports},
  volume={15},
  pages={97248},
  year={2025},
  doi={10.1038/s41598-025-97248-0},
  url={https://doi.org/10.1038/s41598-025-97248-0}
}

@article{park2024aradasyn,
  title={AR-ADASYN: Angle radius-adaptive synthetic data generation approach for imbalanced learning},
  author={Park, H. and Kim, H.},
  journal={Statistics and Computing},
  volume={34},
  pages={166},
  year={2024},
  doi={10.1007/s11222-024-10479-5},
  url={https://doi.org/10.1007/s11222-024-10479-5}
}

@misc{park2022bitcoin,
  title={Combining Machine Learning Models with GSADF Test for Bitcoin Market Crash Prediction},
  author={Park, S. and Yang, J.-S.},
  howpublished={SSRN},
  year={2022},
  doi={10.2139/ssrn.4202271},
  url={https://doi.org/10.2139/ssrn.4202271}
}

@misc{poddar2024approaches,
  title={Approaches to handle data imbalance problems in predictive machine learning models: A comprehensive review},
  author={Poddar, G. M. and Patil, R. V. and Kumar, S. N.},
  howpublished={Academia.edu},
  year={2024},
  url={https://www.academia.edu/117048787}
}

@article{qiu2025vs,
  title={VS-SMOTE: A value space guided SMOTE variant for imbalanced data classification},
  author={Qiu, X. and Lyu, Y. and Zhou, X.},
  journal={Expert Systems with Applications},
  volume={233},
  pages={121708},
  year={2025},
  url={https://papers.ssrn.com/sol3/Delivery.cfm?abstractid=5234376}
}

@inproceedings{saputra2024smotemrs,
  title={SMOTE-MRS: A novel SMOTE–multiresolution sampling technique for predictive modeling},
  author={Saputra, R. H. and Pratama, B. W. and Suryanegara, M.},
  booktitle={Procedia Computer Science},
  volume={231},
  pages={1502--1509},
  year={2024},
  url={https://ieeexplore.ieee.org/stamp/stamp.jsp?arnumber=10721227}
}

@article{wang2024aCH,
  title={CH‑SMOTE: Cluster‑preserving hybrid SMOTE for data imbalance},
  author={Wang, J. and Awang, S. A.},
  journal={Journal of Computational Analysis and Applications},
  volume={33},
  number={7},
  pages={1331--1349},
  year={2024},
  note={Recuperado de https://eudoxuspress.com/index.php/pub/article/view/1234}
}

@article{wang2024bmkc,
  title={MKC-SMOTE: Multikernel cluster SMOTE for imbalanced multiclass classification},
  author={Wang, J. and Awang, S. A.},
  journal={IEEE Access},
  volume={12},
  pages={61594--61605},
  year={2024},
  url={https://ieeexplore.ieee.org/abstract/document/10811922}
}

@misc{wang2025aoch,
  title={OCH‑SMOTE: One‑vs‑One Cluster Hybrid SMOTE for Multiclass Data},
  author={Wang, J. and Awang, S. A.},
  howpublished={Versión PDF disponible en ResearchGate},
  year={2025},
  url={https://www.researchgate.net/publication/387809455_A_Novel_Synthetic_minority_oversampling_technique_for_multiclass_imbalance_problems}
}

@article{zhou2025wasserstein,
  title={A novel oversampling method based on Wasserstein CGAN for imbalanced classification},
  author={Zhou, H. and Pan, H. and Zheng, K. and Wu, Z. and Xiang, Q.},
  journal={Cybersecurity},
  volume={8},
  number={7},
  year={2025},
  doi={10.1186/s42400-024-00290-0},
  url={https://doi.org/10.1186/s42400-024-00290-0}
}