@article{carvalho2025resampling,
  title={Resampling approaches to handle class imbalance: A review from a data perspective},
  author={Carvalho, M. and Pinho, A. J. and Brás, S.},
  journal={Journal of Big Data},
  volume={12},
  number={71},
  year={2025},
  doi={10.1186/s40537-025-01119-4},
  url={https://doi.org/10.1186/s40537-025-01119-4}
}

@article{chawla2002smote,
  title={SMOTE: Synthetic Minority Over-sampling Technique},
  author={Chawla, N. V. and Bowyer, K. W. and Hall, L. O. and Kegelmeyer, W. P.},
  journal={Journal of Artificial Intelligence Research},
  volume={16},
  pages={321--357},
  year={2002},
  doi={10.1613/jair.953},
  url={https://doi.org/10.1613/jair.953}
}

@inproceedings{feng2021novel,
  title={A novel $ \alpha $Distance Borderline-ADASYN-SMOTE algorithm for imbalanced data and its application in Alzheimer’s disease classification based on Dense Convolutional Network},
  author={Feng, Y. and Li, J.},
  booktitle={Journal of Physics: Conference Series},
  volume={2031},
  number={1},
  pages={012046},
  year={2021},
  doi={10.1088/1742-6596/2031/1/012046},
  url={https://doi.org/10.1088/1742-6596/2031/1/012046}
}

@book{fernandez2018learning,
  title={Learning from Imbalanced Data Sets},
  author={Fernández, A. and García, S. and Galar, M. and Prati, R. C. and Krawczyk, B. and Herrera, F.},
  year={2018},
  publisher={Springer},
  doi={10.1007/978-3-319-98074-4},
  url={https://doi.org/10.1007/978-3-319-98074-4}
}

@article{galar2012review,
  title={A review on ensembles for the class imbalance problem: Bagging-, boosting-, and hybrid-based approaches},
  author={Galar, M. and Fernández, A. and Barrenechea, E. and Bustince, H. and Herrera, F.},
  journal={IEEE Transactions on Systems, Man, and Cybernetics, Part C (Applications and Reviews)},
  volume={42},
  number={4},
  pages={463--484},
  year={2012},
  doi={10.1109/TSMCC.2011.2161285},
  url={https://doi.org/10.1109/TSMCC.2011.2161285}
}

@inproceedings{han2005borderline,
  title={Borderline-SMOTE: A new over-sampling method in imbalanced data sets learning},
  author={Han, H. and Wang, W. Y. and Mao, B. H.},
  booktitle={Advances in Intelligent Computing. ICIC 2005. Lecture Notes in Computer Science},
  volume={3644},
  publisher={Springer},
  year={2005},
  doi={10.1007/11538059_91},
  url={https://doi.org/10.1007/11538059_91}
}

@inproceedings{he2008adasyn,
  title={ADASYN: Adaptive synthetic sampling approach for imbalanced learning},
  author={He, H. and Bai, Y. and Garcia, E. A. and Li, S.},
  booktitle={2008 IEEE International Joint Conference on Neural Networks (IEEE World Congress on Computational Intelligence)},
  pages={1322--1328},
  year={2008},
  doi={10.1109/IJCNN.2008.4633969},
  url={https://doi.org/10.1109/IJCNN.2008.4633969}
}

@article{khorshidi2025synthetic,
  title={A synthetic over‑sampling method with minority and majority classes for imbalance problems},
  author={Khorshidi, H. and Aickelin, U. A.},
  journal={Knowledge and Information Systems},
  year={2025},
  doi={10.1007/s10115-025-02394-6},
  url={https://doi.org/10.1007/s10115-025-02394-6}
}

@misc{li2024kwsmote,
  title={KWSMOTE: Kernel-based weighted synthetic minority oversampling technique},
  author={Li, W. and Liu, X. and Yu, X. and Liu, S.},
  year={2024},
  archivePrefix={arXiv},
  eprint={2504.09147},
  url={https://arxiv.org/abs/2504.09147}
}

@article{lyu2025ld,
  title={LD-SMOTE: Local Density Estimation‑Based Oversampling for Imbalanced Datasets},
  author={Lyu, Y. and Zhao, Y. and Zhou, X.},
  journal={Symmetry},
  volume={17},
  number={2},
  pages={160},
  year={2025},
  doi={10.3390/sym17020160},
  url={https://doi.org/10.3390/sym17020160}
}

@article{nasaruddin2025smote,
  title={SMOTE-PCA-HDBSCAN: A new hybrid oversampling method for data imbalance},
  author={Nasaruddin, F. H. and Bashir, A. and Rashid, S. A. and Hassan, M. A.},
  journal={Scientific Reports},
  volume={15},
  pages={97248},
  year={2025},
  doi={10.1038/s41598-025-97248-0},
  url={https://doi.org/10.1038/s41598-025-97248-0}
}

@article{park2024aradasyn,
  title={AR-ADASYN: Angle radius-adaptive synthetic data generation approach for imbalanced learning},
  author={Park, H. and Kim, H.},
  journal={Statistics and Computing},
  volume={34},
  pages={166},
  year={2024},
  doi={10.1007/s11222-024-10479-5},
  url={https://doi.org/10.1007/s11222-024-10479-5}
}

@misc{park2022bitcoin,
  title={Combining Machine Learning Models with GSADF Test for Bitcoin Market Crash Prediction},
  author={Park, S. and Yang, J.-S.},
  howpublished={SSRN},
  year={2022},
  doi={10.2139/ssrn.4202271},
  url={https://doi.org/10.2139/ssrn.4202271}
}

@misc{poddar2024approaches,
  title={Approaches to handle data imbalance problems in predictive machine learning models: A comprehensive review},
  author={Poddar, G. M. and Patil, R. V. and Kumar, S. N.},
  howpublished={Academia.edu},
  year={2024},
  url={https://www.academia.edu/117048787}
}

@article{qiu2025vs,
  title={VS-SMOTE: A value space guided SMOTE variant for imbalanced data classification},
  author={Qiu, X. and Lyu, Y. and Zhou, X.},
  journal={Expert Systems with Applications},
  volume={233},
  pages={121708},
  year={2025},
  url={https://papers.ssrn.com/sol3/Delivery.cfm?abstractid=5234376}
}

@inproceedings{saputra2024smotemrs,
  title={SMOTE-MRS: A novel SMOTE–multiresolution sampling technique for predictive modeling},
  author={Saputra, R. H. and Pratama, B. W. and Suryanegara, M.},
  booktitle={Procedia Computer Science},
  volume={231},
  pages={1502--1509},
  year={2024},
  url={https://ieeexplore.ieee.org/stamp/stamp.jsp?arnumber=10721227}
}

@article{wang2024aCH,
  title={CH‑SMOTE: Cluster‑preserving hybrid SMOTE for data imbalance},
  author={Wang, J. and Awang, S. A.},
  journal={Journal of Computational Analysis and Applications},
  volume={33},
  number={7},
  pages={1331--1349},
  year={2024},
  note={Recuperado de https://eudoxuspress.com/index.php/pub/article/view/1234}
}

@article{wang2024bmkc,
  title={MKC-SMOTE: Multikernel cluster SMOTE for imbalanced multiclass classification},
  author={Wang, J. and Awang, S. A.},
  journal={IEEE Access},
  volume={12},
  pages={61594--61605},
  year={2024},
  url={https://ieeexplore.ieee.org/abstract/document/10811922}
}

@misc{wang2025aoch,
  title={OCH‑SMOTE: One‑vs‑One Cluster Hybrid SMOTE for Multiclass Data},
  author={Wang, J. and Awang, S. A.},
  howpublished={Versión PDF disponible en ResearchGate},
  year={2025},
  url={https://www.researchgate.net/publication/387809455_A_Novel_Synthetic_minority_oversampling_technique_for_multiclass_imbalance_problems}
}

@article{zhou2025wasserstein,
  title={A novel oversampling method based on Wasserstein CGAN for imbalanced classification},
  author={Zhou, H. and Pan, H. and Zheng, K. and Wu, Z. and Xiang, Q.},
  journal={Cybersecurity},
  volume={8},
  number={7},
  year={2025},
  doi={10.1186/s42400-024-00290-0},
  url={https://doi.org/10.1186/s42400-024-00290-0}
}